% Game Theory

@book{Barron13,
series = {Wiley series in operations research and management science},
publisher = {John Wiley & Sons, Inc.},
isbn = {9781118547168},
year = {2013},
title = {Game theory : an introduction},
edition = {Second edition.},
address = {Hoboken, New Jersey},
author = {Barron, E. N. (Emmanual N.)},
keywords = {Game theory},
lccn = {2013009221},
}


% Quantum Mechanics

% Quantum Games

@article{Eisert00,
author = { Jens Eisert and Martin Wilkens },
title = {Quantum games},
journal = {Journal of Modern Optics},
volume = {47},
number = {14-15},
pages = {2543-2556},
year = {2000},
publisher = {Taylor & Francis},
doi = {10.1080/09500340008232180},
URL = {https://www.tandfonline.com/doi/abs/10.1080/09500340008232180},
eprint = {https://www.tandfonline.com/doi/pdf/10.1080/09500340008232180}
}

@article{Meyer_1999,
	doi = {10.1103/physrevlett.82.1052},
	url = {https://doi.org/10.1103\%2Fphysrevlett.82.1052}},
	year = 1999,
	month = {feb},
	publisher = {American Physical Society ({APS})},
	volume = {82},
	number = {5},
	pages = {1052--1055},
	author = {David A. Meyer},
	title = {Quantum Strategies},
	journal = {Physical Review Letters}
}